@book{ref,
author={G. Di Marzo Serugendo, M.-P. Gleizes, A. Karageorgos},
title={Self-Organizing Software},
publisher={Springer},
year={2011}
}

@article{ref2,
author={A. Ishiguro et al.},
title= {A Robot with a Decentralized Consensus-making Mechanism Bases on the Immune System}
}